% Encoding: US-ASCII

@Article{
	Lib-Regression-Standardized-Coefficients-Delta-Yuan-2011
	,
	author = {
		Yuan, Ke-Hai 
		and 
		Chan, Wai
	},
	date = {
		2011-08
	},
	journaltitle = {
		Psychometrika
	},
	title = {
		Biases and standard errors of standardized regression coefficients
	},
	doi = {
		10.1007/s11336-011-9224-6
	},
	number = {
		4
	},
	pages = {
		670--690
	},
	volume = {
		76
	},
	publisher = {
		Springer Science and Business Media {LLC}
	},
	file = {
		references/10.1007%2FS11336-011-9224-6.pdf
	},
	library = {},
	keywords = {
		asymptotics,
		bias,
		consistency,
		Monte Carlo
	},
	addendum = {},
	note = {},
	annotation = {
		Lib-Regression-Standardized-Coefficients-Delta
	},
	abstract = {
		The paper obtains consistent standard errors (SE)
		and biases of order $O(1/n)$
		for the sample standardized regression coefficients
		with both random and given predictors.
		Analytical results indicate that the formulas for SEs
		given in popular text books are consistent
		only when the population value
		of the regression coefficient is zero.
		The sample standardized regression coefficients
		are also biased in general,
		although it should not be a concern in practice
		when the sample size is not too small.
		Monte Carlo results imply that,
		for both standardized and unstandardized
		sample regression coefficients,
		SE estimates based on asymptotics tend to under-predict
		the empirical ones at smaller sample sizes.
	},
}

@Article{
	Lib-Regression-Standardized-Coefficients-Delta-Jones-2013a
	,
	author = {
		Jones, Jeff A. 
		and 
		Waller, Niels G.
	},
	date = {
		2013
	},
	journaltitle = {
		Psychological Methods
	},
	title = {
		Computing confidence intervals for standardized regression coefficients.
	},
	doi = {
		10.1037/a0033269
	},
	number = {
		4
	},
	pages = {
		435--453
	},
	volume = {
		18
	},
	publisher = {
		American Psychological Association ({APA})
	},
	file = {
		references/10.1037%2Fa0033269.pdf
	},
	library = {},
	keywords = {
		standard errors, 
		multiple regression, 
		delta method, 
		confidence intervals
	},
	addendum = {},
	note = {},
	annotation = {
		Lib-Regression-Standardized-Coefficients-Delta
	},
	abstract = {
		With fixed predictors,
		the standard method
		(Cohen, Cohen, West, \& Aiken, 2003, p. 86;
		Harris, 2001, p. 80;
		Hays, 1994, p. 709)
		for computing confidence intervals (CIs)
		for standardized regression coefficients
		fails to account for the sampling variability
		of the criterion standard deviation.
		With random predictors,
		this method also fails to account
		for the sampling variability
		of the predictor standard deviations.
		Nevertheless,
		under some conditions the standard method will produce CIs
		with accurate coverage rates.
		To delineate these conditions,
		we used a Monte Carlo simulation
		to compute empirical CI coverage rates
		in samples drawn from 36 populations
		with a wide range of data characteristics.
		We also computed the empirical CI coverage rates
		for 4 alternative methods that have been discussed
		in the literature:
		noncentrality interval estimation,
		the delta method,
		the percentile bootstrap,
		and the bias-corrected and accelerated bootstrap.
		Our results showed that
		for many data-parameter configurations--for example,
		sample size,
		predictor correlations,
		coefficient of determination (
		$
		R^2
		$
		),
		orientation of $\beta$
		with respect to the eigenvectors
		of the predictor correlation matrix,
		$
		R_X
		$--the standard method produced coverage rates
		that were close to their expected values.
		However,
		when population $R^2$ was large
		and when $\beta$ approached the last eigenvector of
		$
		R_X
		$,
		then the standard method coverage rates
		were frequently below the nominal rate
		(sometimes by a considerable amount).
		In these conditions,
		the delta method and the 2 bootstrap procedures
		were consistently accurate.
		Results using noncentrality interval estimation
		were inconsistent.
		In light of these findings,
		we recommend that researchers use the delta method
		to evaluate the sampling variability
		of standardized regression coefficients.
	},
}

@Report{
	Lib-Regression-Standardized-Coefficients-Delta-Jones-2013b
	,
	author = {
		Jones, Jeff A.
		and
		Waller, Niels G.
	},
	date = {
		2013-05-25
	},
	institution = {
		University of Minnesota-Twin Cities
	},
	title = {
		The normal-theory and asymptotic distribution-free ({ADF})
		covariance matrix of standardized regression coefficients:
		Theoretical extensions and finite sample behavior
	},
	type = {
		techreport
	},
	url = {
		http://users.cla.umn.edu/~nwaller/downloads/techreports/TR052913.pdf
	},
	urldate = {
		2021-10-18
	},
	file = {
		references/TR052913.pdf
	},
	library = {},
	keywords = {},
	addendum = {},
	note = {},
	annotation = {
		Lib-Regression-Standardized-Coefficients-Delta
	},
	abstract = {
		Yuan and Chan (2011)
		recently showed how to compute the covariance matrix
		of standardized regression coefficients from covariances.
		In this paper,
		we describe a new method
		for computing this covariance matrix from correlations.
		We then show that Yuan and Chan's original equations
		can also be used when only correlational data are available.
		Next, we describe an asymptotic distribution-free
		(ADF; Browne, 1984)
		method for computing the covariance matrix
		of standardized regression coefficients.
		We show that theADF method works well with non-normal data
		in moderate-to-large samples using both simulated
		and real-data examples.
		Finally,
		we provide R code (R Development Core Team, 2012)
		in an Appendix to make these methods accessible
		to applied researchers.
	},
}

@Article{
	Lib-Regression-Standardized-Coefficients-Delta-Jones-2015
	,
	author = {
		Jones, Jeff A. 
		and 
		Waller, Niels G.
	},
	date = {
		2015
	},
	journaltitle = {
		Psychometrika
	},
	title = {
		The normal-theory and asymptotic distribution-free ({ADF})
		covariance matrix of standardized regression coefficients:
		Theoretical extensions and finite sample behavior
	},
	doi = {
		10.1007/s11336-013-9380-y
	},
	number = {
		2
	},
	pages = {
		365--378
	},
	volume = {
		80
	},
	publisher = {
		Springer Science and Business Media {LLC}
	},
	file = {
		references/10.1007%2Fs11336-013-9380-y.pdf
	},
	library = {},
	keywords = {
		standardized regression coefficients, 
		multiple regression, 
		ADF, 
		confidence intervals
	},
	addendum = {},
	note = {},
	annotation = {
		Lib-Regression-Standardized-Coefficients-Delta
	},
	abstract = {
		Yuan and Chan (Psychometrika, 76, 670–690, 2011)
		recently showed how to compute the covariance matrix
		of standardized regression coefficients from covariances.
		In this paper,
		we describe a method
		for computing this covariance matrix from correlations.
		Next,
		we describe an asymptotic distribution-free
		(ADF;
		Browne in British Journal of Mathematical
		and Statistical Psychology, 37, 62–83, 1984)
		method for computing the covariance matrix
		of standardized regression coefficients.
		We show that the ADF method works well with nonnormal data
		in moderate-to-large samples
		using both simulated and real-data examples.
		\texttt{R} code (R Development Core Team, 2012)
		is available from the authors
		or through the Psychometrika online repository
		for supplementary materials.
	},
}

@Article{
	Lib-Regression-Standardized-Coefficients-Delta-Pesigan-2023
	,
	author = {
		Pesigan, Ivan Jacob Agaloos
		and
		Sun, Rong Wei
		and
		Cheung, Shu Fai
	},
	date = {
		2023-04
	},
	journaltitle = {
		Multivariate Behavioral Research
	},
	title = {
		{betaDelta} and {betaSandwich}: Confidence intervals for standardized regression coefficients in {R}
	},
	doi = {
		10.1080/00273171.2023.2201277
	},
	number = {
	},
	pages = {
	},
	volume = {
	},
	publisher = {
		Informa {UK} Limited
	},
	file = {
		references/10.1080%2F00273171.2023.2201277.pdf
	},
	library = {},
	keywords = {
		standardized regression coefficients,
		confidence intervals,
		delta method standard errors,
		heteroskedasticity-consistent standard errors,
		R package
	},
	addendum = {},
	note = {},
	annotation = {
		Lib-Regression-Standardized-Coefficients-Delta
	},
	abstract = {
		The multivariate delta method was used by Yuan and Chan to estimate standard errors and confidence intervals for standardized regression coefficients.
		Jones and Waller extended the earlier work to situations where data are nonnormal by utilizing Browne’s asymptotic distribution-free (ADF) theory.
		Furthermore, Dudgeon developed standard errors and confidence intervals, employing heteroskedasticity-consistent (HC) estimators, that are robust to nonnormality with better performance in smaller sample sizes compared to Jones and Waller’s ADF technique.
		Despite these advancements, empirical research has been slow to adopt these methodologies.
		This can be a result of the dearth of user-friendly software programs to put these techniques to use.
		We present the betaDelta and the betaSandwich packages in the R statistical software environment in this manuscript.
		Both the normal-theory approach and the ADF approach put forth by Yuan and Chan and Jones and Waller are implemented by the betaDelta package. 
		The HC approach proposed by Dudgeon is implemented by the betaSandwich package.
		The use of the packages is demonstrated with an empirical example.
		We think the packages will enable applied researchers to accurately assess the sampling variability of standardized regression coefficients.
	},
}

@Comment{jabref-meta: databaseType:biblatex;}
