% Encoding: US-ASCII

@Book{
	nas1982,
	author    = {
		{National Research Council}.
	},
	date      = {
		1982
	},
	title     = {
		An assessment of research-doctorate programs in the {United States}: Social and behavioral sciences
	},
	location  = {
		Washington, D.C.
	},
	publisher = {
		National Academies Press
	},
}

@Comment{jabref-meta: databaseType:biblatex;}
