@Book{NationalResearchCouncil-1982,
  author = {{National Research Council}},
  date = {1982-01},
  title = {An assessment of research-doctorate programs in the {United States}: Social and behavioral sciences},
  doi = {10.17226/9781},
  location = {Washington, D.C.},
  publisher = {National Academies Press},
  annotation = {data},
}
