@Manual{Waller-2022,
  author = {Niels G. Waller},
  title = {{fungible}: Psychometric functions from the {Waller Lab}},
  year = {2022},
  note = {R package version 2.2.1},
  url = {https://CRAN.R-project.org/package=fungible},
  publisher = {The R Foundation},
  annotation = {r, r-package},
}
